<?xml version="1.0" encoding="UTF-8"?><record xmlns="http://www.loc.gov/MARC21/slim" xmlns:cinclude="http://apache.org/cocoon/include/1.0" xmlns:zs="http://www.loc.gov/zing/srw/">
  <leader>00686cz  a2200181n  4500</leader>
  <controlfield tag="001">n 2008014643</controlfield>
  <controlfield tag="003">DLC</controlfield>
  <controlfield tag="005">20080921081909.0</controlfield>
  <controlfield tag="008">080229n| acannaabn          |b aaa      </controlfield>
  <datafield tag="010" ind1=" " ind2=" ">
    <subfield code="a">n 2008014643</subfield>
  </datafield>
  <datafield tag="035" ind1=" " ind2=" ">
    <subfield code="a">(OCoLC)oca07678981</subfield>
  </datafield>
  <datafield tag="040" ind1=" " ind2=" ">
    <subfield code="a">DLC</subfield>
    <subfield code="b">eng</subfield>
    <subfield code="c">DLC</subfield>
    <subfield code="d">OCoLC</subfield>
  </datafield>
  <datafield tag="100" ind1="1" ind2=" ">
    <subfield code="a">Nam, Ik-hyŏn</subfield>
  </datafield>
  <datafield tag="400" ind1="1" ind2=" ">
    <subfield code="a">남 익현</subfield>
  </datafield>
  <datafield tag="400" ind1="1" ind2=" ">
    <subfield code="a">남익현</subfield>
  </datafield>
  <datafield tag="667" ind1=" " ind2=" ">
    <subfield code="a">Machine-derived non-Latin script reference project.</subfield>
  </datafield>
  <datafield tag="667" ind1=" " ind2=" ">
    <subfield code="a">Non-Latin script references not evaluated.</subfield>
  </datafield>
  <datafield tag="670" ind1=" " ind2=" ">
    <subfield code="a">Nam, Ik-hyŏn. RFID kaeyo mit hwaryong, 2005:</subfield>
    <subfield code="b">t.p. (Nam Ik-hyŏn) colophon (kyŏngyŏnghak sŏksa, Sŏul Taehakkyo; kyŏngyŏnghak paksa, Stanford Univ.; prof., Sŏul Taehakkyo Kyŏngyŏng Taehak)</subfield>
  </datafield>
</record>